@misc{gdpr,
  title = {General Data Protection Regulation},
  howpublished = {\url{https://gdpr-info.eu/}},
  note = {27 April 2016}
}


@misc{reply,
  title = {Facebook reply to the attack},
  howpublished = {\newline\url{https://about.fb.com/news/2021/04/facts-on-news-reports-about-facebook-data/}},
  note = {\newline6 April 2021}
}

@misc{icotuto,
  title = {ICO guidelines about Data protection impact assessments },
  howpublished = {\newline\url{https://ico.org.uk/for-organisations/guide-to-data-protection/guide-to-the-general-data-protection-regulation-gdpr/accountability-and-governance/data-protection-impact-assessments/}},
}

